
  @Manual{R,
    title = {R: A Language and Environment for Statistical Computing},
    author = {{R Core Team}},
    organization = {R Foundation for Statistical Computing},
    address = {Vienna, Austria},
    year = {2021},
    url = {https://www.R-project.org/},
  }


  @Article{tidyverse,
    title = {Welcome to the {tidyverse}},
    author = {Hadley Wickham and Mara Averick and Jennifer Bryan and Winston Chang and Lucy D'Agostino McGowan and Romain François and Garrett Grolemund and Alex Hayes and Lionel Henry and Jim Hester and Max Kuhn and Thomas Lin Pedersen and Evan Miller and Stephan Milton Bache and Kirill Müller and Jeroen Ooms and David Robinson and Dana Paige Seidel and Vitalie Spinu and Kohske Takahashi and Davis Vaughan and Claus Wilke and Kara Woo and Hiroaki Yutani},
    year = {2019},
    journal = {Journal of Open Source Software},
    volume = {4},
    number = {43},
    pages = {1686},
    doi = {10.21105/joss.01686},
  }
  
  
  
  @Manual{dplyr,
    title = {dplyr: A Grammar of Data Manipulation},
    author = {Hadley Wickham and Romain François and Lionel Henry and Kirill Müller},
    year = {2021},
    note = {R package version 1.0.7},
    url = {https://CRAN.R-project.org/package=dplyr},
  }



  @Book{ggplot2,
    author = {Hadley Wickham},
    title = {ggplot2: Elegant Graphics for Data Analysis},
    publisher = {Springer-Verlag New York},
    year = {2016},
    isbn = {978-3-319-24277-4},
    url = {https://ggplot2.tidyverse.org},
  }
  
  
  
  @Manual{kableextra,
    title = {kableExtra: Construct Complex Table with 'kable' and Pipe Syntax},
    author = {Hao Zhu},
    year = {2021},
    note = {R package version 1.3.4},
    url = {https://CRAN.R-project.org/package=kableExtra},
  }
  
  
  
   @Manual{tibbletime,
    title = {tibbletime: Time Aware Tibbles},
    author = {Davis Vaughan and Matt Dancho},
    year = {2020},
    note = {R package version 0.1.6},
    url = {https://cran.r-project.org/web/packages/tibbletime/index.html},
  }
  
  
  
  @Manual{knitr,
    title = {knitr: A General-Purpose Package for Dynamic Report Generation in R},
    author = {Yihui Xie},
    year = {2021},
    note = {R package version 1.37},
    
  }
  
  
  
    @Manual{cats,
    title = {forcats: Tools for Working with Categorical Variables (Factors)},
    author = {Hadley Wickham},
    year = {2021},
    note = {R package version 0.5.1},
    url = {https://CRAN.R-project.org/package=forcats},
  }
  
  
  
    @Manual{opendata,
    title = {opendatatoronto: Access the City of Toronto Open Data Portal},
    author = {Sharla Gelfand},
    year = {2020},
    note = {R package version 0.1.4},
    url = {https://CRAN.R-project.org/package=opendatatoronto},
  }
  
  
  
  @Manual{registered,
    title = {About Marriage Licence Statistics},
    author = {City of Toronto},
    year = {2022},
    url = {https://open.toronto.ca/dataset/marriage-licence-statistics/},
  }
  
  
   @Manual{divorce,
    title = {Mean age and median age at divorce and at marriage, for persons who divorced in a given year, by sex or gender},
    author = {Government of Canada},
    year = {2022},
    url = {https://open.canada.ca/data/en/dataset/82cc8f33-3b40-4a57-83d1-b8059a12f742},
   }
   
   
  @Manual{readr,
    title = {readr: Read Rectangular Text Data},
    author = {Hadley Wickham and Jim Hester and Romain Francois and Jennifer Bryan and Shelby Bearrows and RStudio and Jukka Jylänki and Mikkel Jørgensen},
    year = {2022},
    note = {R package version 	2.1.2},
    url = {https://cran.r-project.org/web/packages/readr/index.html},
  }
  
  
  @Article{Liu,
    title = {Is Covid-19 changing our relationships?},
    author = {Yi-Ling Liu},
    year = {2020},
    url = {https://www.bbc.com/future/article/20200601-how-is-covid-19-is-affecting-relationships},
  }
  
  
   @Article{Savage,
    title = {Why the pandemic is causing spikes in break-ups and divorces},
    author = {Maddy Savage},
    year = {2020},
    url = {https://www.bbc.com/worklife/article/20201203-why-the-pandemic-is-causing-spikes-in-break-ups-and-divorces},
    
  }
  
   @Article{Bowden,
    title = {These Canadians popped the question during a pandemic: ‘It made it even better’},
    author = {Olivia Bowden},
    year = {2020},
    url = {https://globalnews.ca/news/6859000/engagements-during-coronavirus/},
    
  }
  
   @Article{Sacher,
    title = {The immediate impact of lockdown measures on mental health and couples’ relationships during the COVID-19 pandemic - results of a representative population survey in Germany},
    author = {Cedric Sachser and Gabriel Olaru and Elisa Pfeiffer and Elmar Brähler and Vera Clemens and Miriam Rassenhofer Andreas Witt and Jörg M.Fegert},
    year = {2021},
    journal = {Social Science & Medicine},
    volume = {278},
    doi = {https://doi.org/10.1016/j.socscimed.2021.113954}
    
  }
  
  
    
